<mx:record xmlns="http://www.w3.org/TR/xhtml1/strict" xmlns:mx="http://www.loc.gov/MARC21/slim" xmlns:xsi="http://www.w3.org/2001/XMLSchema-instance"><mx:leader>00037cz  2200037n  45 0</mx:leader><mx:controlfield tag="001">oca00087864 </mx:controlfield><mx:controlfield tag="005">20070717051644.0</mx:controlfield><mx:controlfield tag="008">800925n| acannaabn          |a aaa      </mx:controlfield><mx:datafield ind1=" " ind2=" " tag="010"><mx:subfield code="a">n  50052989</mx:subfield></mx:datafield><mx:datafield ind1=" " ind2=" " tag="040"><mx:subfield code="a">DLC</mx:subfield><mx:subfield code="b">eng</mx:subfield><mx:subfield code="c">DLC</mx:subfield><mx:subfield code="d">DLC</mx:subfield><mx:subfield code="d">Uk</mx:subfield><mx:subfield code="d">ItFiC</mx:subfield></mx:datafield><mx:datafield ind1=" " ind2="0" tag="053"><mx:subfield code="a">PA6554.P4</mx:subfield></mx:datafield><mx:datafield ind1="1" ind2=" " tag="100"><mx:subfield code="a">Palladius, Rutilius Taurus Aemilianus</mx:subfield></mx:datafield><mx:datafield ind1="1" ind2=" " tag="400"><mx:subfield code="a">Paládio, Públio Rutílio Tauro Emiliano</mx:subfield></mx:datafield><mx:datafield ind1="0" ind2=" " tag="400"><mx:subfield code="a">Paladio</mx:subfield></mx:datafield><mx:datafield ind1="0" ind2=" " tag="400"><mx:subfield code="a">Palladio</mx:subfield></mx:datafield><mx:datafield ind1="1" ind2=" " tag="400"><mx:subfield code="a">Palladi, Rutuli Emiliani</mx:subfield></mx:datafield><mx:datafield ind1="1" ind2=" " tag="400"><mx:subfield code="a">Palladi, Ruculi Emilianj</mx:subfield></mx:datafield><mx:datafield ind1="1" ind2=" " tag="400"><mx:subfield code="a">Palladio, Rutilio Tauro Emiliano</mx:subfield></mx:datafield><mx:datafield ind1=" " ind2=" " tag="670"><mx:subfield code="a">Author&amp;#039;s Palladius on husbondrie ... 1873-79</mx:subfield></mx:datafield><mx:datafield ind1=" " ind2=" " tag="670"><mx:subfield code="a">Amzalak, M.B. Paládio e a exploração agrícola, 1953:</mx:subfield><mx:subfield code="b">p. 7 (Públio Rutílio Tauro Emiliano Paládio)</mx:subfield></mx:datafield><mx:datafield ind1=" " ind2=" " tag="670"><mx:subfield code="a">Encyc. Amer.</mx:subfield><mx:subfield code="b">(Palladius, Rutilius Taurus Aemilianus; Roman writer, 4th cent.)</mx:subfield></mx:datafield><mx:datafield ind1=" " ind2=" " tag="670"><mx:subfield code="a">Oxford class. dict.</mx:subfield><mx:subfield code="b">(Palladius, Rutilius Taurus Aemilianus)</mx:subfield></mx:datafield><mx:datafield ind1=" " ind2=" " tag="670"><mx:subfield code="a">Smith, W. Class. dict. of Greek &amp; Roman biog.</mx:subfield><mx:subfield code="b">(Palladius, Rutilius Taurus Aemilianus)</mx:subfield></mx:datafield><mx:datafield ind1=" " ind2=" " tag="670"><mx:subfield code="a">His Obra de agricultura, 1990:</mx:subfield><mx:subfield code="b">t.p. (Palladius Rutilius Taurus Aemilianus) p. vii, etc. (Paladio; Palladio; Palladi Rutuli Emiliani; Palladi Ruculi Emilianj)</mx:subfield></mx:datafield><mx:datafield ind1=" " ind2=" " tag="670"><mx:subfield code="a">Opus agriculturae, 2006:</mx:subfield><mx:subfield code="b">t.p. (Palladio Rutilio Tauro Emiliano)</mx:subfield></mx:datafield><mx:datafield ind1=" " ind2=" " tag="675"><mx:subfield code="a">Encyc. Brit.;</mx:subfield><mx:subfield code="a">Collier&amp;#039;s encyc.</mx:subfield></mx:datafield><mx:datafield ind1=" " ind2=" " tag="999"><mx:subfield code="a">24485</mx:subfield></mx:datafield></mx:record>